<collection xmlns="http://www.loc.gov/MARC21/slim">
<record>
  <leader>02985nam0a2200517 i 450 </leader>
  <controlfield tag="001">IT\ICCU\CNCE\009805</controlfield>
  <controlfield tag="005">20100104000000.0</controlfield>
  <datafield tag="012" ind1=" " ind2=" ">
    <subfield code="a">r:Ve s.*: t&amp;ca re*I (3) 1526 (R)</subfield>
    <subfield code="2">fei</subfield>
  </datafield>
  <datafield tag="100" ind1=" " ind2=" ">
    <subfield code="a">19970101d1526        0itac0103    ba</subfield>
  </datafield>
  <datafield tag="101" ind1=" " ind2=" ">
    <subfield code="a">LAT</subfield>
  </datafield>
  <datafield tag="102" ind1=" " ind2=" ">
    <subfield code="a">IT</subfield>
  </datafield>
  <datafield tag="200" ind1="1" ind2=" ">
    <subfield code="a">Compendium priuilegiorum fratrum minorum necnon &amp; aliorum fratrum mendicantium ordine alphabetico congestum</subfield>
  </datafield>
  <datafield tag="210" ind1=" " ind2=" ">
    <subfield code="d">1526</subfield>
    <subfield code="e">Venetijs</subfield>
    <subfield code="g">per Ioan. Antonium &amp; fratres de Sabio</subfield>
    <subfield code="g">sumptibus vero Laurentij Lorij ac Baptiste de Putellettis sociorum</subfield>
    <subfield code="h">1526 mense Maio</subfield>
  </datafield>
  <datafield tag="215" ind1=" " ind2=" ">
    <subfield code="a">\8!, 247, \1! c.</subfield>
    <subfield code="c">ill.</subfield>
    <subfield code="d">8ʻ</subfield>
  </datafield>
  <datafield tag="300" ind1=" " ind2=" ">
    <subfield code="a">Il nome dell&apos;autore si ricava dalla prefazione</subfield>
  </datafield>
  <datafield tag="620" ind1=" " ind2=" ">
    <subfield code="a">IT</subfield>
    <subfield code="d">Venezia</subfield>
  </datafield>
  <datafield tag="700" ind1=" " ind2="1">
    <subfield code="a">Casarubios,</subfield>
    <subfield code="b">Alfonso : de</subfield>
    <subfield code="3">IT\ICCU\CNCA\002723</subfield>
  </datafield>
  <datafield tag="712" ind1="0" ind2="2">
    <subfield code="a">Francescani</subfield>
    <subfield code="3">IT\ICCU\CNCT\005533</subfield>
  </datafield>
  <datafield tag="712" ind1="0" ind2="0">
    <subfield code="a">Nicolini da Sabbio, Giovanni Antonio &amp; fratelli</subfield>
    <subfield code="3">IT\ICCU\CNCT\000133</subfield>
    <subfield code="4">650</subfield>
  </datafield>
  <datafield tag="712" ind1="0" ind2="0">
    <subfield code="a">Lorio, Lorenzo &amp; Putelletto, Battista</subfield>
    <subfield code="3">IT\ICCU\CNCT\000218</subfield>
    <subfield code="4">650</subfield>
  </datafield>
  <datafield tag="790" ind1=" " ind2="0">
    <subfield code="a">Alfonso</subfield>
    <subfield code="c"> : de#Casarrubios</subfield>
    <subfield code="3">IT\ICCU\CNCA\007566</subfield>
    <subfield code="z">Casarubios, Alfonso : de</subfield>
  </datafield>
  <datafield tag="790" ind1=" " ind2="1">
    <subfield code="a">De_Casarrubios,</subfield>
    <subfield code="b">Alphonsus</subfield>
    <subfield code="3">IT\ICCU\CNCA\013206</subfield>
    <subfield code="z">Casarubios, Alfonso : de</subfield>
  </datafield>
  <datafield tag="791" ind1="0" ind2="2">
    <subfield code="a">Ordo fratrum minorum</subfield>
    <subfield code="3">IT\ICCU\CNCT\005181</subfield>
    <subfield code="z">Francescani</subfield>
  </datafield>
  <datafield tag="791" ind1="0" ind2="2">
    <subfield code="a">Ordo fratrum minorum de observantia</subfield>
    <subfield code="3">15534</subfield>
    <subfield code="z">Francescani</subfield>
  </datafield>
  <datafield tag="791" ind1="0" ind2="2">
    <subfield code="a">Ordo Minorum sancti Francisci de observantia</subfield>
    <subfield code="3">15535</subfield>
    <subfield code="z">Francescani</subfield>
  </datafield>
  <datafield tag="791" ind1="0" ind2="0">
    <subfield code="a">Putelletto, Battista</subfield>
    <subfield code="3">IT\ICCU\CNCT\000219</subfield>
    <subfield code="z">Lorio, Lorenzo &amp; Putelletto, Battista</subfield>
  </datafield>
  <datafield tag="801" ind1=" " ind2="3">
    <subfield code="a">IT</subfield>
    <subfield code="b">ICCU</subfield>
    <subfield code="c">20201113</subfield>
  </datafield>
  <datafield tag="899" ind1=" " ind2=" ">
    <subfield code="a">Biblioteca centrale dei frati cappuccini delle Marche. Ancona</subfield>
    <subfield code="z">MUTILO</subfield>
    <subfield code="1">AN0007</subfield>
    <subfield code="2">ZAN 02</subfield>
  </datafield>
  <datafield tag="899" ind1=" " ind2=" ">
    <subfield code="a">Biblioteca comunale. Sassoferrato</subfield>
    <subfield code="1">AN0065</subfield>
    <subfield code="2">URB SV</subfield>
  </datafield>
  <datafield tag="899" ind1=" " ind2=" ">
    <subfield code="a">Biblioteca provinciale dei Frati minori dell&apos;Emilia. Sezione Biblioteca dell&apos;Osservanza. Bologna</subfield>
    <subfield code="1">BO0336</subfield>
    <subfield code="2">ZBO 41</subfield>
  </datafield>
  <datafield tag="899" ind1=" " ind2=" ">
    <subfield code="a">Biblioteca Apostolica Vaticana. Citt ̉del Vaticano</subfield>
    <subfield code="1">EX0001</subfield>
    <subfield code="2">ZCV 01</subfield>
  </datafield>
  <datafield tag="899" ind1=" " ind2=" ">
    <subfield code="a">Biblioteca nazionale centrale. Firenze</subfield>
    <subfield code="1">FI0098</subfield>
    <subfield code="2">CFI CF</subfield>
  </datafield>
  <datafield tag="899" ind1=" " ind2=" ">
    <subfield code="a">Biblioteca statale. Lucca</subfield>
    <subfield code="1">LU0022</subfield>
    <subfield code="2">LUA BL</subfield>
  </datafield>
  <datafield tag="899" ind1=" " ind2=" ">
    <subfield code="a">Biblioteca regionale universitaria. Messina</subfield>
    <subfield code="1">ME0050</subfield>
    <subfield code="2">PAL BM</subfield>
  </datafield>
  <datafield tag="899" ind1=" " ind2=" ">
    <subfield code="a">Biblioteca comunale. Mirandola</subfield>
    <subfield code="1">MO0035</subfield>
    <subfield code="2">MOD MR</subfield>
  </datafield>
  <datafield tag="899" ind1=" " ind2=" ">
    <subfield code="a">Biblioteca comunale. Assisi</subfield>
    <subfield code="1">PG0001</subfield>
    <subfield code="2">UM1 10</subfield>
  </datafield>
  <datafield tag="899" ind1=" " ind2=" ">
    <subfield code="a">Biblioteca Palatina. Parma</subfield>
    <subfield code="1">PR0072</subfield>
    <subfield code="2">PAR PA</subfield>
  </datafield>
  <datafield tag="899" ind1=" " ind2=" ">
    <subfield code="a">Biblioteca Oliveriana. Pesaro</subfield>
    <subfield code="1">PU0061</subfield>
    <subfield code="2">URB OL</subfield>
  </datafield>
  <datafield tag="899" ind1=" " ind2=" ">
    <subfield code="a">Biblioteca nazionale centrale. Roma</subfield>
    <subfield code="1">RM0267</subfield>
    <subfield code="2">BVE CR</subfield>
  </datafield>
  <datafield tag="899" ind1=" " ind2=" ">
    <subfield code="a">Biblioteca centrale dei frati minori cappuccini. Roma</subfield>
    <subfield code="1">RM0315</subfield>
    <subfield code="2">ZRM 52</subfield>
  </datafield>
  <datafield tag="899" ind1=" " ind2=" ">
    <subfield code="a">Biblioteca dell&apos;Accademia dei Concordi. Rovigo</subfield>
    <subfield code="1">RO0049</subfield>
    <subfield code="2">ROV AC</subfield>
  </datafield>
  <datafield tag="899" ind1=" " ind2=" ">
    <subfield code="a">Fondazione Biblioteca S. Bernardino. Trento</subfield>
    <subfield code="1">TN0122</subfield>
    <subfield code="2">ZTN 18</subfield>
  </datafield>
  <datafield tag="899" ind1=" " ind2=" ">
    <subfield code="a">British Library. London</subfield>
    <subfield code="1">UK0001</subfield>
  </datafield>
  <datafield tag="899" ind1=" " ind2=" ">
    <subfield code="a">Biblioteca S. Francesco della Vigna. Venezia</subfield>
    <subfield code="1">VE0031</subfield>
    <subfield code="2">VIA SF</subfield>
  </datafield>
  <datafield tag="911" ind1=" " ind2=" ">
    <subfield code="a">In fine</subfield>
    <subfield code="9">IT\ICCU\CNCM\002108</subfield>
  </datafield>
  <datafield tag="921" ind1=" " ind2=" ">
    <subfield code="a">IT\ICCU\CNCM\002108</subfield>
    <subfield code="b">S. Caterina d&apos;Alessandria vicino alla ruota dentata tiene una palma nella mano sinistra e un libro nella destra.</subfield>
    <subfield code="c">U653</subfield>
    <subfield code="d">Dimensioni: 7,6 x 10</subfield>
    <subfield code="f">CATERINA</subfield>
    <subfield code="f">RUOTA</subfield>
    <subfield code="f">PALMA</subfield>
    <subfield code="g">1526-1527</subfield>
  </datafield>
</record>
</collection>
